<collection xmlns="http://www.loc.gov/MARC21/slim"><record><leader>00571nam  2200181   450</leader><controlfield tag="001">277</controlfield><controlfield tag="003">http://montalegre.opacnet.com/OPAC/default.aspx?ContentAreaControl=ShowRegHoldings.ascx&amp;RegNo=16662</controlfield><datafield tag="100" ind1=" " ind2=" "><subfield code="a">20061013d1981    k  y0pory0103    ba</subfield></datafield><datafield tag="101" ind1="0" ind2=" "><subfield code="a">por</subfield></datafield><datafield tag="102" ind1=" " ind2=" "><subfield code="a">PT</subfield></datafield><datafield tag="200" ind1="1" ind2=" "><subfield code="a">Crónicas das Américas</subfield><subfield code="f">Eduardo Mayone Dias</subfield></datafield><datafield tag="210" ind1=" " ind2=" "><subfield code="a">Lisboa</subfield><subfield code="c">Ler</subfield><subfield code="d">1981</subfield></datafield><datafield tag="215" ind1=" " ind2=" "><subfield code="a">106 p.</subfield><subfield code="d">21 cm</subfield></datafield><datafield tag="225" ind1="2" ind2=" "><subfield code="a">Passo a Palavra</subfield><subfield code="v">3</subfield></datafield><datafield tag="675" ind1=" " ind2=" "><subfield code="a">82-94</subfield><subfield code="v">BN</subfield><subfield code="z">por</subfield></datafield><datafield tag="700" ind1=" " ind2="1"><subfield code="a">Dias</subfield><subfield code="b">Eduardo Mayone</subfield><subfield code="f">1927-</subfield></datafield><datafield tag="801" ind1=" " ind2="0"><subfield code="a">PT</subfield><subfield code="b">Biblioteca Municipal de Montalegre</subfield><subfield code="g">RPC</subfield></datafield><datafield tag="856" ind1=" " ind2=" "><subfield code="u">locateMedia.asp?cod=20060511100808&amp;ext=jpg</subfield><subfield code="z">CAPA</subfield></datafield><datafield tag="909" ind1="&#9;" ind2=" "><subfield code="a">1</subfield></datafield><datafield tag="966" ind1=" " ind2=" "><subfield code="a">0008431</subfield><subfield code="l">BMM</subfield><subfield code="s">SCG 82-94 DIA cró 3</subfield></datafield></record></collection>